<?xml version="1.0" encoding="UTF-8"?><collection xmlns="http://www.loc.gov/MARC21/slim"><record><leader>00450nam--2200133-i-4500</leader><controlfield tag="001">000026369</controlfield><controlfield tag="002">20161230</controlfield><controlfield tag="005">20161230201036</controlfield><controlfield tag="008">060222s1000------------r-----000-0-eng-d</controlfield><datafield ind1=" " ind2=" " tag="080"><subfield code="a">545</subfield></datafield><datafield ind1=" " ind2=" " tag="245"><subfield code="a">Instructiuni 183-63 pentru verificarea gazanalizoarelor de oxigen (o2) cu indicatie continua. editie oficiala</subfield></datafield><datafield ind1=" " ind2=" " tag="260"><subfield code="a">Bucuresti, Ed.De Stat Pentru Imprimate Si Publicatii, 1964. 34p</subfield></datafield><datafield ind1=" " ind2=" " tag="490"><subfield code="a">Dirtectia Generala Pentru Metrologie</subfield></datafield><datafield ind1=" " ind2=" " tag="852"><subfield code="a">25221</subfield></datafield></record></collection>